@article{Cronstrm1980,
  doi = {10.1016/0370-2693(80)90738-8},
  year  = {1980},
  month = {feb},
  publisher = {Elsevier {BV}},
  volume = {90},
  number = {3},
  pages = {267--269},
  author = {C. Cronstr\"{o}m},
  title = {A simple and complete Lorentz-covariant gauge condition},
  journal = {Physics Letters B}
}
@article{Kennaway2004,
      author = "Kennaway, Kristian D.",
      title = "{Effective potentials and the vacuum structure of quantum field theories}",
	  url = {http://arxiv.org/abs/hep-th/0407084},
      year = "2004",
      eprint = "hep-th/0407084",
      archivePrefix = "arXiv",
      primaryClass = "hep-th",
      SLACcitation = "%%CITATION = HEP-TH/0407084;%%",
}
@article{Diakonov1989,
  doi = {10.1016/0370-2693(89)91062-9},
  year  = {1989},
  month = {jun},
  publisher = {Elsevier {BV}},
  volume = {224},
  number = {1-2},
  pages = {131--135},
  author = {D.I. Diakonov and V.Yu. Petrov},
  title = {A formula for the Wilson loop},
  journal = {Physics Letters B}
}
@article{Alekseev1988,
  doi = {10.1016/0393-0440(88)90031-9},
  year  = {1988},
  month = {jan},
  publisher = {Elsevier {BV}},
  volume = {5},
  number = {3},
  pages = {391--406},
  author = {A. Alekseev and L. Faddeev and S. Shatashvili},
  title = {Quantization of symplectic orbits of compact Lie groups by means of the functional integral},
  journal = {Journal of Geometry and Physics}
}
@article{Savvidy1977,
  doi = {10.1016/0370-2693(77)90759-6},
  year  = {1977},
  month = {nov},
  publisher = {Elsevier {BV}},
  volume = {71},
  number = {1},
  pages = {133--134},
  author = {G.K. Savvidy},
  title = {Infrared instability of the vacuum state of gauge theories and asymptotic freedom},
  journal = {Physics Letters B}
}
@article{Nielsen1978,
  doi = {10.1016/0550-3213(78)90377-2},
  year  = {1978},
  month = {nov},
  publisher = {Elsevier {BV}},
  volume = {144},
  number = {2-3},
  pages = {376--396},
  author = {N.K. Nielsen and P. Olesen},
  title = {An unstable Yang-Mills field mode},
  journal = {Nuclear Physics B}
}
@article{Faddeev2007,
  doi = {10.1016/j.nuclphysb.2006.12.011},
  year  = {2007},
  month = {jul},
  publisher = {Elsevier {BV}},
  volume = {776},
  number = {1-2},
  pages = {38--65},
  author = {Ludvig Faddeev and Antti J. Niemi},
  title = {Spin-charge separation,  conformal covariance and the Yang{\textendash}Mills theory},
  journal = {Nuclear Physics B}
}
@article{Faddeev2014,
  doi = {10.1007/s11232-014-0240-4},
  year  = {2014},
  month = {dec},
  publisher = {Springer Science $\mathplus$ Business Media},
  volume = {181},
  number = {3},
  pages = {1638--1642},
  author = {L. D. Faddeev},
  title = {A couple of methodological comments on the quantum Yang-Mills theory},
  journal = {Theoretical and Mathematical Physics}
}
@article{Fock,
  year  = {1937},
  volume = {4--5},
  pages = {551--568},
  author = {В.А. Фок},
  title = {Собственное время в классической и квантовой механике},
  journal = {Изв. Акад. Наук СССР (физ.)},
  language = {russian}
}
@article{Mnev,
  url = {http://www.pdmi.ras.ru/~pmnev/diplom.win.pdf},
  year  = {2005},
  author = {П.Н. Мнёв},
  title = {О функциональных детерминантах однопетлевого приближения
метода фонового поля в калибровочных теориях},
  language = {russian}
}
@article{GrossWilczek1973,
   author = {{Gross}, D.~J. and {Wilczek}, F.},
    title = {Asymptotically Free Gauge Theories. I},
  journal = {Physical Review D.},
     year = {1973},
    month = {nov},
   volume = {8},
    pages = {3633-3652},
      doi = {10.1103/PhysRevD.8.3633},
}
@article{Politzer1973,
   author = {{Politzer}, H.~D.},
    title = {Reliable Perturbative Results for Strong Interactions?},
  journal = {Physical Review Letters},
     year = {1973},
    month = {jun},
   volume = {30},
    pages = {1346-1349},
      doi = {10.1103/PhysRevLett.30.1346},
}
@inproceedings{Faddeev2008,
  doi = {10.1142/9789812794185_0002},
  year  = {2008},
  publisher = {World Scientific Publishing Co. Pte. Ltd.},
  author = {L. D. Faddeev},
  title = {Knots as possible excitations of the quantum Yang--Mills fields},
  booktitle = {Statistical Physics,  High Energy,  Condensed Matter and Mathematical Physics - Proceedings of the Conference in Honor of C. N. Yang's 85th Birthday}
}
@article{Ripka2003,
      author         = "Ripka, Georges",
      title          = "{Dual superconductor models of color confinement}",
      journal        = "Lect.Notes Phys.",
      volume         = "639",
      pages          = "1",
      doi            = "10.1007/b94800",
      year           = "2004",
      eprint         = "hep-ph/0310102",
      archivePrefix  = "arXiv",
      primaryClass   = "hep-ph",
      SLACcitation   = "%%CITATION = HEP-PH/0310102;%%",
}